@ARTICLE{Hall2009,
    AUTHOR="Dan Wendlandt, David G. Andersen, and Adrian Perrig",
    TITLE="Perspectives: Improving SSH-style Host Authentication with Multi-Path Probing",
    JOURNAL="Usenix ATC",
    YEAR="2008"
}

@misc{firered,
    AUTHOR="Nintendo",
    TITLE="Pok\'{e}mon FireRed",
    NOTE="http://bit.ly/1hlq9Dy",
    YEAR="2004"
}

